

@misc{king_anthony_2022,
  author        = {Anthony King},
  date-added    = {2023-04-10 16:25:51 +0200},
  date-modified = {2023-04-10 16:27:56 +0200},
  howpublished  = {https://ec.europa.eu/research-and-innovation/en/horizon-magazine/emissions-free-sailing-full-steam-ahead-ocean-going-shipping},
  month         = {09},
  title         = {Emissions-free sailing is full steam ahead for ocean-going shipping},
  year          = {2022}
}

@misc{imo-2018,
  title        = {UN body adopts climate change strategy for shipping},
  url          = {https://www.imo.org/en/MediaCentre/PressBriefings/Pages/06GHGinitialstrategy.aspx},
  organization = {imo.org},
  year         = {2018}
}

@article{ZAMAN2017537,
  title    = {Challenges and Opportunities of Big Data Analytics for Upcoming Regulations and Future Transformation of the Shipping Industry},
  journal  = {Procedia Engineering},
  volume   = {194},
  pages    = {537-544},
  year     = {2017},
  note     = {10th International Conference on Marine Technology, MARTEC 2016},
  issn     = {1877-7058},
  doi      = {https://doi.org/10.1016/j.proeng.2017.08.182},
  url      = {https://www.sciencedirect.com/science/article/pii/S1877705817333386},
  author   = {Ibna Zaman and Kayvan Pazouki and Rose Norman and Shervin Younessi and Shirley Coleman},
  keywords = {Carbon emission, data-oriented, MRV, big data}
}

@misc{imo-2021,
  title        = {UN body adopts climate change strategy for shipping},
  url          = {https://www.imo.org/en/MediaCentre/PressBriefings/Pages/06GHGinitialstrategy.aspx},
  organization = {imo.org}
}

@article{russom2011big,
  title   = {Big data analytics},
  author  = {Russom, Philip and others},
  journal = {TDWI best practices report, fourth quarter},
  volume  = {19},
  number  = {4},
  pages   = {1--34},
  year    = {2011}
}

@article{3vbigdata,
  author  = {Lukoianove, Tatiana and Rubin, Victoria},
  year    = {2013},
  month   = {11},
  pages   = {},
  title   = {Veracity Roadmap: Is Big Data Objective, Truthful and Credible?},
  volume  = {24},
  journal = {ASIST 2013: 76th Annual Meeting of the Association for Information Science and Technology: Beyond the Cloud: Rethinking Information Boundaries},
  doi     = {10.7152/acro.v24i1.14671}
}

@article{pence2014big,
  title     = {What is big data and why is it important?},
  author    = {Pence, Harry E},
  journal   = {Journal of Educational Technology Systems},
  volume    = {43},
  number    = {2},
  pages     = {159--171},
  year      = {2014},
  publisher = {SAGE Publications Sage CA: Los Angeles, CA}
}

@article{ZHANG2019118223,
  title   = {An alternative benchmarking tool for operational energy efficiency of ships and its policy implications},
  journal = {Journal of Cleaner Production},
  volume  = {240},
  pages   = {118223},
  year    = {2019},
  issn    = {0959-6526},
  doi     = {https://doi.org/10.1016/j.jclepro.2019.118223},
  url     = {https://www.sciencedirect.com/science/article/pii/S0959652619330938},
  author  = {Shuang Zhang and Ying Li and Haichao Yuan and Deping Sun}
}

@article{CHUAH2023115348,
  title   = {Implementation of the energy efficiency existing ship index and carbon intensity indicator on domestic ship for marine environmental protection},
  journal = {Environmental Research},
  volume  = {222},
  pages   = {115348},
  year    = {2023},
  issn    = {0013-9351},
  doi     = {https://doi.org/10.1016/j.envres.2023.115348},
  url     = {https://www.sciencedirect.com/science/article/pii/S0013935123001408},
  author  = {Lai Fatt Chuah and Kasypi Mokhtar and Siti Marsila {Mhd Ruslan} and Anuar Abu Bakar and Mohd Azhafiz Abdullah and Nor Hasni Osman and Awais Bokhari and Muhammad Mubashir and Pau Loke Show}
}